<?xml version="1.0" encoding="UTF-8"?><record xmlns="http://www.loc.gov/MARC21/slim" xmlns:cinclude="http://apache.org/cocoon/include/1.0" xmlns:zs="http://www.loc.gov/zing/srw/">
  <leader>00318nz  a2200121n  4500</leader>
  <controlfield tag="001">n  92806505 </controlfield>
  <controlfield tag="003">DLC</controlfield>
  <controlfield tag="005">19930505133359.3</controlfield>
  <controlfield tag="008">930505n| acannaab|          |n aaa ||| b</controlfield>
  <datafield tag="010" ind1=" " ind2=" ">
    <subfield code="a">n  92806505 </subfield>
  </datafield>
  <datafield tag="040" ind1=" " ind2=" ">
    <subfield code="a">DNLM</subfield>
    <subfield code="c">DLC</subfield>
  </datafield>
  <datafield tag="100" ind1="1" ind2="0">
    <subfield code="a">Höfig, Gerd</subfield>
  </datafield>
  <datafield tag="670" ind1=" " ind2=" ">
    <subfield code="a">His Fachwörterbuch, Medizin, c1992:</subfield>
    <subfield code="b">t.p. (Dr. med. Gerd Höfig)</subfield>
  </datafield>
</record>